@article {Kraus1,
author = {Kraus, David},
title = {Components and completion of partially observed functional data},
journal = {Journal of the Royal Statistical Society: Series B (Statistical Methodology)},
volume = {77},
number = {4},
issn = {1467-9868},
url = {http://dx.doi.org/10.1111/rssb.12087},
doi = {10.1111/rssb.12087},
pages = {777--801},
keywords = {Functional data analysis, Incomplete observation, Inverse problem, Prediction, Principal component analysis, Regularization},
year = {2015},
}

@misc{DP1,
Author = {Marie-Hélène Descary and Victor M. Panaretos},
Title = {Functional Data Analysis by Matrix Completion},
Year = {2016},
Eprint = {arXiv:1609.00834},
}

@misc{DP2,
Author = {Marie-Hélène Descary and Victor M. Panaretos},
Title = {Recovering Covariance from Functional Fragments},
Year = {2017},
Eprint = {arXiv:1708.02491},
}


@article{DH1,
author = { Aurore   Delaigle  and  Peter   Hall },
title = {Classification Using Censored Functional Data},
journal = {Journal of the American Statistical Association},
volume = {108},
number = {504},
pages = {1269-1283},
year  = {2013},
publisher = {Taylor & Francis},
doi = {10.1080/01621459.2013.824893},

URL = { 
        https://doi.org/10.1080/01621459.2013.824893
    
},
eprint = { 
        https://doi.org/10.1080/01621459.2013.824893
}}


