@article {growth,
author = {Tuddenham, R. D. and Snyder, M. M.},
title = {Physical growth of California
boys and girls from birth to eighteen years},
journal = {University of California
Publications in Child Development},
year = {1954},
}

@book{found,
  title={Theoretical Foundations of Functional Data Analysis, with an Introduction to Linear Operators},
  author={Hsing, T. and Eubank, R.},
  isbn={9780470016916},
  lccn={2015014859},
  series={Wiley Series in Probability and Statistics},
  url={https://books.google.ch/books?id=6Fu3BgAAQBAJ},
  year={2015},
  publisher={Wiley}
}

@book{inference,
  title={Inference for Functional Data with Applications},
  author={Horv{\'a}th, L. and Kokoszka, P.},
  isbn={9781461436546},
  lccn={2012937071},
  series={Springer Series in Statistics},
  url={https://books.google.ch/books?id=PGOCtgAACAAJ},
  year={2012},
  publisher={Springer New York}
}

@book{fdaram,
  title={Functional Data Analysis},
  author={Ramsay, J. and Silverman, B.W.},
  isbn={9780387400808},
  lccn={2005923773},
  series={Springer Series in Statistics},
  url={https://books.google.ch/books?id=mU3dop5wY\_4C},
  year={2005},
  publisher={Springer}
}

@article{pace,
author = {Fang Yao and Hans-Georg Müller and Jane-Ling Wang},
title = {Functional Data Analysis for Sparse Longitudinal Data},
journal = {Journal of the American Statistical Association},
volume = {100},
number = {470},
pages = {577-590},
year  = {2005},
publisher = {Taylor & Francis},
doi = {10.1198/016214504000001745},

URL = { 
        https://doi.org/10.1198/016214504000001745
    
},
eprint = { 
        https://doi.org/10.1198/016214504000001745
    
}
}

@book{apfda,
  title={Applied Functional Data Analysis: Methods and Case Studies},
  author={Ramsay, J.O. and Silverman, B.W.},
  isbn={9781475789362},
  series={Springer Series in Statistics},
  url={https://books.google.ch/books?id=lAn1sgEACAAJ},
  year={2013},
  publisher={Springer New York}
}

@article {Kraus1,
author = {Kraus, David},
title = {Components and completion of partially observed functional data},
journal = {Journal of the Royal Statistical Society: Series B (Statistical Methodology)},
volume = {77},
number = {4},
issn = {1467-9868},
url = {http://dx.doi.org/10.1111/rssb.12087},
doi = {10.1111/rssb.12087},
pages = {777--801},
keywords = {Functional data analysis, Incomplete observation, Inverse problem, Prediction, Principal component analysis, Regularization},
year = {2015},
}

@misc{Kraus2,
Author = {David Kraus and Marco Stefanucci},
Title = {Classification of functional fragments by regularized linear classifiers with domain selection},
year = {2017},
Eprint = {arXiv:1708.08257},
}

@misc{DP1,
Author = {Marie-Hélène Descary and Victor M. Panaretos},
Title = {Functional Data Analysis by Matrix Completion},
year = {2016},
Eprint = {arXiv:1609.00834},
}

@misc{DP2,
Author = {Marie-Hélène Descary and Victor M. Panaretos},
Title = {Recovering Covariance from Functional Fragments},
Year = {2017},
Eprint = {arXiv:1708.02491},
}


@article{DH1,
author = { Aurore   Delaigle  and  Peter   Hall },
title = {Classification Using Censored Functional Data},
journal = {Journal of the American Statistical Association},
volume = {108},
number = {504},
pages = {1269-1283},
year  = {2013},
publisher = {Taylor & Francis},
doi = {10.1080/01621459.2013.824893},

URL = { 
        https://doi.org/10.1080/01621459.2013.824893
    
},
eprint = { 
        https://doi.org/10.1080/01621459.2013.824893
}}

@article{DH2,
author = {Delaigle, A. and Hall, P.},
title = {Approximating fragmented functional data by segments of Markov chains},
journal = {Biometrika},
volume = {103},
number = {4},
pages = {779-799},
year = {2016},
doi = {10.1093/biomet/asw040},
URL = { + http://dx.doi.org/10.1093/biomet/asw040},
}

@article {DH3,
author = {Delaigle, Aurore and Hall, Peter},
title = {Achieving near perfect classification for functional data},
journal = {Journal of the Royal Statistical Society: Series B (Statistical Methodology)},
volume = {74},
number = {2},
publisher = {Blackwell Publishing Ltd},
issn = {1467-9868},
url = {http://dx.doi.org/10.1111/j.1467-9868.2011.01003.x},
doi = {10.1111/j.1467-9868.2011.01003.x},
pages = {267--286},
keywords = {Bayes classifier, Centroid method classifier, Cross-validation, Dimension reduction, Error rate, Gaussian process, Linear model, Projection},
year = {2012},
}


@book{analprimer,
  title={A Primer of Real Analytic Functions},
  author={Krantz, S.G. and Parks, H.R.},
  isbn={9780817642648},
  lccn={2002021565},
  series={A Primer of Real Analytic Functions},
  url={https://books.google.ch/books?id=i4vw2STJl2QC},
  year={2002},
  publisher={Birkh{\"a}user Boston}
}

@book{prato1,
  title={An Introduction to Infinite-Dimensional Analysis},
  author={Da Prato, G.},
  isbn={9783540290216},
  lccn={2006924566},
  series={Universitext},
  url={https://books.google.ch/books?id=1E\_xR5m2ZZ8C},
  year={2006},
  publisher={Springer Berlin Heidelberg}
}

@book{prato2,
  title={Stochastic Equations in Infinite Dimensions},
  author={Da Prato, G. and Zabczyk, J.},
  isbn={9780521059800},
  lccn={93118317},
  series={Encyclopedia of Mathematics and its Applications},
  url={https://books.google.ch/books?id=JYiL8zz\_nC8C},
  year={2008},
  publisher={Cambridge University Press}
}

@book{hilb,
  title={Introduction to Hilbert Spaces with Applications},
  author={Debnath, L. and Mikusinski, P.},
  isbn={9780080455921},
  lccn={2005284016},
  url={https://books.google.ch/books?id=ADfBjTHyDRMC},
  year={2005},
  publisher={Elsevier Science}
}

@book{devroye,
  title={A Probabilistic Theory of Pattern Recognition},
  author={Devroye, L. and Gy{\"o}rfi, L. and Lugosi, G.},
  isbn={9781461207115},
  lccn={95044633},
  series={Stochastic Modelling and Applied Probability},
  url={https://books.google.ch/books?id=Y5bxBwAAQBAJ},
  year={2013},
  publisher={Springer New York}
}

@book{oxford,
  title={The Oxford Handbook of Functional Data Analysis},
  author={Ferraty, F. and Romain, Y.},
  isbn={9780199568444},
  lccn={2010032107},
  series={Oxford Handbooks in Mathematics},
  url={https://books.google.ch/books?id=21ayQCerU1IC},
  year={2010},
  publisher={OUP Oxford}
}

@book{boga,
  title={Gaussian Measures: },
  author={Bogachev, V.I.},
  isbn={9781470418694},
  series={Mathematical Surveys and Monographs},
  url={https://books.google.ch/books?id=UtufBwAAQBAJ},
  year={2015},
  publisher={American Mathematical Society}
}
